@online{djot,
  title = {djot},
  author = {John MacFarlane},
  url = {https://djot.net},
  urldate = {2023-01-23}
}

@online{AsciiDoc,
  author = {{Eclipse Foundation}},
  title = {{AsciiDoc}},
  url = {http://asciidoc.org/},
  urldate = {2023-01-23}
}

@report{mcilroy,
  title = {A Research UNIX Reader: Annotated Excerpts from the Programmer's Manual, 1971-1986},  
  author = {M. D. McIlroy},
  year = {1987},
  month = {6},
  type = {Technical report},
  institution = {Bell Labs},
  url = {https://www.cs.dartmouth.edu/~doug/reader.pdf},
  urldate = {2023-03-21}
}

@online{Asciidoctor,
  author = {{Asciidoctor Project 2022}},
  title = {{Asciidoctor}},
  url = {https://asciidoctor.org/},
  urldate = {2023-03-06}
}

@online{Asciidoctor_Ext,
  author = {Dan Allen and Sarah White and others},
  title = {Asciidoctor Docs},
  url = {https://docs.asciidoctor.org/asciidoctor/latest/extensions/},
  urldate = {2023-05-11}
}

@online{markdown,
  author = {John Gruber},
  title = {Markdown},
  year = 2004,
  month = 12,
  day = 17,
  url = {https://daringfireball.net/projects/markdown},
  urldate = {2023-01-25}
}

@online{Commonmark,
  author = {John MacFarlane},
  title = {CommonMark Spec},
  year = {2021},
  month = {6},
  url = {https://spec.commonmark.org/0.30/},
  urldate = {2023-03-21}
}

@article{ctan,
  title={The comprehensive TEX archive network (ctan)},
  author={Greenwade, George D},
  journal={TUGBoat},
  volume={14},
  number={3},
  pages={342--351},
  year={1993},
  publisher={Addison-Wesley},
  url={http://download.nus.edu.sg/mirror/ctan/info/digests/maps/maps11/maps11_j.ps.gz},
  urldate={2023-04-09}
}

@mastersthesis{typst,
  author = {Laurenz MÃ¤dje},
  year = 2022,
  month = 9,
  day = 8,
  institution = {Technical University of Berlin},
  title = {Typst: A Programmable Markup Language for Typesetting},
  url = {https://www.user.tu-berlin.de/laurmaedje/programmable-markup-language-for-typesetting.pdf},
  urldate = {2023-01-25}
}

@mastersthesis{typst2,
  author = {Martin E. Haug},
  year = 2022,
  month = 6,
  institution = {Technical University of Berlin},
  title = {Fast Typesetting with Incremental Compilation},
  url = {https://www.user.tu-berlin.de/mhaug/fast-typesetting-incremental-compilation.pdf},
  urldate = {2023-04-08}
}

@book{CI,
  title = {Object-Oriented Analysis and Design with Applications},
  author = {Grady Booch and Robert Maksimchuk and Michael Engle and Bobbi Young and Jim Conallen and Kelli Houston},
  year      = 2007,
  publisher = "Addison-Wesley Professional",
  isbn = {978-0-201-89551-3}
}

@book{Tex,
  title = {Computers \& Typesetting, Volume A: The \TeX{}Book},
  author = {Donald Knuth},
  year      = 1986,
  publisher = "Addison-Wesley and American Mathematical Society",
  isbn = {978-0-201-13448-3}
}

@book{Latex,
  author = {Leslie Lamport},
  title = {\LaTeX: A Document Preparation System},
  isbn = {978-0-201-15790-1},
  year = {1994},
  publisher = {Addison-Wesley},
  edition = {2},
}

@online{KnuthCitat,
  author = {Christina Thiele},
  year = 1996,
  day = 13,
  month = 3,
  title = {Knuth meets NTG members},
  url = {https://www.ntg.nl/maps/16/15.pdf},
  urldate = {2023-01-25}
}

@online{Troff,
  author = {GNU},
  year = {2018},
  title = {The GNU Troff Manual},
  url = {https://www.gnu.org/software/groff/manual/groff.html},
  urldate = {2023-01-25}
}

@online{Wasmer,
  author = {{Wasmer, Inc.}},
  title = {Wasmer},
  url = {https://wasmer.io},
  urldate = {2023-01-23}
}

@online{Wasmtime,
  author = {{Bytecode Alliance}},
  title = {Wasmtime},
  url = {https://docs.wasmtime.dev/},
  urldate = {2023-01-23}
}

@misc{WASI,
  title = {{WASI: The WebAssembly System Interface}},
  url = {https://wasi.dev},
  urldate = {2023-01-23}
}

@report{wasm,
  title = {{WebAssembly Core Specification}},
  version = {2.0},
  editor = {Rossberg, Andreas},
  date = {2022-04-19},
  institution = {{W3C}},
  url = {https://www.w3.org/TR/wasm-core-2/},
  urldate = {2023-04-16},
  langid = {english},
}

@misc{github,
  title = {{GitHub}},
  url = {https://github.com},
  urldate = {2023-03-03}
}

@online{rest,
  author = {David Goodger},
  year = {2022},
  month = {2},
  title = {An Introduction to reStructuredText},
  url = {https://docutils.sourceforge.io/docs/ref/rst/introduction.html},
  urldate = {2023-03-21}
}

@inproceedings{nom,
  title={Nom, a byte oriented, streaming, zero copy, parser combinators library in rust},
  author={Couprie, Geoffroy},
  booktitle={2015 IEEE Security and Privacy Workshops},
  pages={142--148},
  year={2015},
  organization={IEEE},
  url = {https://ieeexplore.ieee.org/abstract/document/7163218}
}

@article{parsercombinator,
  title={Combinator parsing: A short tutorial},
  author={Swierstra, S Doaitse},
  journal={Language Engineering and Rigorous Software Development: International LerNet ALFA Summer School 2008, Piriapolis, Uruguay, February 24-March 1, 2008, Revised Tutorial Lectures},
  pages={252--300},
  year={2009},
  publisher={Springer}
}

@article{pearcekelly,
  title={A dynamic topological sort algorithm for directed acyclic graphs},
  author={Pearce, David J and Kelly, Paul HJ},
  journal={Journal of Experimental Algorithmics (JEA)},
  volume={11},
  pages={1--7},
  year={2007},
  publisher={ACM New York, NY, USA}
}

@online{boblatex,
    author={Bob Dowling},
    title={An Introduction to \LaTeX},
    url={http://kcgs.soc.srcf.net/sites/default/files/computing/LaTeX/LaTeX.pdf},
    year={1996},
    month={6},
    day={24},
    urldate={2023-04-26}
}

@article{kahn,
  title={Topological sorting of large networks},
  author={Kahn, Arthur B},
  journal={Communications of the ACM},
  volume={5},
  number={11},
  pages={558--562},
  year={1962},
  publisher={ACM New York, NY, USA}
}

@misc{gitdocs,
  title = {Git Documentation},
  url = {https://git-scm.com/doc},
  urldate = {2023-03-07}
}

@misc{sphinx,
  title = {Sphinx},
  url = {https://www.sphinx-doc.org/en/master/usage/restructuredtext/basics.html},
  urldate = {2023-03-06}
}

@online{man7,
  year = {2023},
  author = {Michael Kerrisk},
  title = {Linux man-pages},
  url = {https://www.man7.org/linux/man-pages/},
  urldate = {2023-03-07}
}

@online{txt2tags,
  author = {Aurelio Jargas},
  title = {txt2tags},
  url = {https://txt2tags.org/},
  urldate = {2023-04-11}
}

@online{denospecifier,
  author = {{Deno Land Inc.}},
  title = {Deno Manual},
  url = {https://deno.com/manual@v1.32.5/node/npm_specifiers},
  urldate = {2023-04-26}
}

@article{pandoc,
  year = {2021},
  month = {1},
  day = {11},
  author = {Lee Phillips},
  title = {Technical Writing with Pandoc and Panflute},
  url = {https://lee-phillips.org/panflute-gnuplot/},
  urldate = {2023-04-11},
}

@online{ubuntu,
  title={\LaTeX},
  author={{Ubuntu community help wiki}},
  url={https://help.ubuntu.com/community/LaTeX},
  year={2013},
  urldate={2023-04-27}
}

@online{elm,
  title = {Compiler Errors for Humans},
  author = {Evan Czaplicki},
  year = {2016},
  month = {5},
  day = {30},
  url = {https://elm-lang.org/news/compiler-errors-for-humans},
  urldate={2023-05-09}
}

@online{chumsky,
  title = {Chumsky: A parser library for humans with powerful error recovery},
  author = {Joshua Barretto},
  url = {https://github.com/zesterer/chumsky},
}

@online{ghc,
  title={Using the GHC WebAssembly backend},
  author={{GHC Team }},
  url={https://ghc.gitlab.haskell.org/ghc/doc/users_guide/wasm.html},
  year={2023},
  urldate={2023-05-04}
}

@inproceedings{cranelift_vs_llvm,
  title={Benchmarking Runtime Scripting Performance in Wasmer},
  author={Hockley, Devon and Williamson, Carey},
  booktitle={Companion of the 2022 ACM/SPEC International Conference on Performance Engineering},
  pages={97--104},
  year={2022}
}


@misc{accessibility,
  title={Improving the Accessibility of Scientific Documents: Current State, User Needs, and a System Solution to Enhance Scientific PDF Accessibility for Blind and Low Vision Users}, 
  author={Lucy Lu Wang and Isabel Cachola and Jonathan Bragg and Evie Yu-Yen Cheng and Chelsea Haupt and Matt Latzke and Bailey Kuehl and Madeleine van Zuylen and Linda Wagner and Daniel S. Weld},
  year={2021},
  eprint={2105.00076},
  archivePrefix={arXiv},
  primaryClass={cs.DL}
}

@online{rust-compiler,
  title={Rust Compiler Development Guide},
  author={{The Rust Project Developers}},
  url={https://rustc-dev-guide.rust-lang.org/queries/incremental-compilation-in-detail.html},
  year={2018},
  month={1},
  day={16},
  urldate = {2023-05-04}
}

@article{errors,
  title={Compiler error messages considered unhelpful: The landscape of text-based programming error message research},
  author={Becker, Brett A and Denny, Paul and Pettit, Raymond and Bouchard, Durell and Bouvier, Dennis J and Harrington, Brian and Kamil, Amir and Karkare, Amey and McDonald, Chris and Osera, Peter-Michael and others},
  journal={Proceedings of the working group reports on innovation and technology in computer science education},
  pages={177--210},
  year={2019},
  url={https://dl.acm.org/doi/abs/10.1145/3344429.3372508}
}

@online{notion_block,
  title = {What is a block?},
  url = {https://www.notion.so/help/what-is-a-block},
  author = {{Notion}},
  urldate = {2023-05-10}
}

@online{loop,
  title = {New Microsoft Loop app is built for modern co-creation},
  url = {https://www.microsoft.com/en-us/microsoft-365/blog/2023/03/22/new-microsoft-loop-app-is-built-for-modern-co-creation/},
  author = {Wangui McKelvey},
  year = {2023},
  month = {3},
  day = {22},
  urldate = {2023-05-09}
}

@online{rust_errors,
  title = {Shape of errors to come},
  author = {Jonathan Turner},
  year = {2016},
  month = {8},
  day = {10},
  url = {https://blog.rust-lang.org/2016/08/10/Shape-of-errors-to-come.html},
  urldate = {2023-05-09}
}

@online{lsp,
  title = {Language Server Protocol Specification - 3.17},
  url = {https://microsoft.github.io/language-server-protocol/specifications/lsp/3.17/specification/},
  author = {Microsoft},
  year = {2022},
  month = {5},
  day = {10}
}

@article{typesetting,
  ISSN = {00368733, 19467087},
  URL = {http://www.jstor.org/stable/24926359},
  author = {Gerard O. Walter},
  journal = {Scientific American},
  number = {5},
  pages = {60--69},
  publisher = {Scientific American, a division of Nature America, Inc.},
  title = {TYPESETTING},
  urldate = {2023-05-09},
  volume = {220},
  year = {1969}
}
