@online{djot,
title = {djot},
author = {John MacFarlane},
url = {https://djot.net},
urldate = {2023-01-23}
}

@online{AsciiDoc,
author = {{Eclipse Foundation}},
title = {{AsciiDoc}},
url = {http://asciidoc.org/},
urldate = {2023-01-23}
}

% Ska nog formuleras annorlunda
@report{mcilroy,
title = {A Research UNIX Reader: Annotated Excerpts from the
Programmer's Manual, 1971-1986},
%journaltitle = {Computing Science Technical Report No. 139},
author = {M. D. McIlroy},
year = {1987},
month = {6},
type = {Technical report},
institution = {Bell Labs},
url = {https://www.cs.dartmouth.edu/~doug/reader.pdf},
urldate = {2023-03-21}
}

@online{AsciiDoctor,
author = {{Asciidoctor Project 2022}},
title = {{AsciiDoctor}},
url = {https://asciidoctor.org/},
urldate = {2023-03-06}
}

@online{markdown,
author = {John Gruber},
title = {Markdown},
year = 2004,
month = 12,
day = 17,
url = {https://daringfireball.net/projects/markdown},
urldate = {2023-01-25}
}

@online{Commonmark,
author = {John MacFarlane},
title = {CommonMark Spec},
year = {2021},
month = {6},
url = {https://spec.commonmark.org/0.30/},
urldate = {2023-03-21}
}

% Kill your darlings? Kanske inte jättevetenskapligt och inte jätteviktigt att ha med
@online{patoline,
author = {Florian Hatat and Tom Hirschowitz and Pierre Hyvernat, Rodolphe Lepigre and Pierre-Etienne Meunier and Christophe Raffalli and Guillaume Theyssier},
title = {Patoline: A modern digital typesetting system},
url = {https://patoline.github.io},
urldate = {2023-01-25}
}

@mastersthesis{typst,
author = {Laurenz Mädje},
year = 2022,
month = 9,
day = 8,
institution = {Technical University of Berlin},
title = {Typst: A Programmable Markup Language
for Typesetting},
url = {https://www.user.tu-berlin.de/laurmaedje/programmable-markup-language-for-typesetting.pdf},
urldate = {2023-01-25}
}


@book{Tex,
title = {Computers \& Typesetting, Volume A: The TeXBook},
author = {Donald Knuth},
year      = 1986,
publisher = "Addison-Wesley and American Mathematical Society",
isbn = {978-0-201-13448-3}
}

@book{Latex,
author = {Leslie Lamport},
title = {LaTeX: A Document Preparation System},
isbn = {978-0-201-15790-1},
year = {1994},
publisher = {Addison-Wesley},
edition = {2},
url = {http://users.softlab.ntua.gr/~sivann/books/LaTeX\%20-\%20User\%27s\%20Guide\%20and\%20Reference\%20Manual-lamport94.pdf},
urldate = {2023-03-21}
}

@online{KnuthCitat,
author = {Christina Thiele},
year = 1996,
day = 13,
month = 3,
title = {Knuth meets NTG members},
url = {https://www.ntg.nl/maps/16/15.pdf},
urldate = {2023-01-25}
}

@online{Troff,
author = {GNU},
year = {2018},
title = {The GNU Troff Manual},
url = {https://www.gnu.org/software/groff/manual/groff.html},
urldate = {2023-01-25}
}


@online{Wasmer,
author = {{Wasmer, Inc.}},
title = {Wasmer},
url = {https://wasmer.io},
urldate = {2023-01-23}
}

@online{Wasmtime,
author = {{Bytecode Alliance}},
title = {Wasmtime},
url = {https://docs.wasmtime.dev/},
urldate = {2023-01-23}
 }

% Denna är helt oklar
@misc{WASI,
title = {WASI},
url = {https://wasi.dev},
urldate = {2023-01-23}
}

@online{wasm,
author = {W3C and {Bytecode Alliance}},
title= {WebAssembly Specification},
year = {2023},
month = {3},
url = {https://webassembly.github.io/spec/core/},
urldate = {2023-01-23},
}

@misc{github,
title = {GitHub},
url = {https://github.com},
urldate = {2023-03-03}
}

@online{rest,
author = {David Goodger},
year = {2022},
month = {2},
title = {An Introduction to reStructuredText},
url = {https://docutils.sourceforge.io/docs/ref/rst/introduction.html},
urldate = {2023-03-21}
}

% Finns "bevis" på https://github.com/git/htmldocs
@misc{gitdocs,
title = {Git Documentation},
url = {https://git-scm.com/doc},
urldate = {2023-03-07}
}

@misc{sphinx,
title = {Sphinx},
url = {https://www.sphinx-doc.org/en/master/usage/restructuredtext/basics.html},
urldate = {2023-03-06}
}

@online{man7,
year = {2023},
author = {Michael Kerrisk},
title = {Linux man-pages},
url = {https://www.man7.org/linux/man-pages/},
urldate = {2023-03-07}
}